<record><leader>01857cam a2200457 i 4500</leader><controlfield tag="001">6849723</controlfield><controlfield tag="003">OCoLC</controlfield><controlfield tag="005">20150227070324.7</controlfield><controlfield tag="006">m     o  d        </controlfield><controlfield tag="007">cr cnu|||unuuu</controlfield><controlfield tag="008">150224s2015    enk     ob    001 0 eng d</controlfield><datafield ind1=" " ind2=" " tag="020"><subfield code="a">9781317543008</subfield><subfield code="q">electronic bk.</subfield></datafield><datafield ind1=" " ind2=" " tag="020"><subfield code="a">1317543009</subfield><subfield code="q">electronic bk.</subfield></datafield><datafield ind1=" " ind2=" " tag="020"><subfield code="z">9781138844957</subfield></datafield><datafield ind1=" " ind2=" " tag="035"><subfield code="a">ocn903929995</subfield></datafield><datafield ind1=" " ind2=" " tag="037"><subfield code="a">958653</subfield><subfield code="b">EBSCO</subfield></datafield><datafield ind1=" " ind2=" " tag="039"><subfield code="a">exclude</subfield></datafield><datafield ind1=" " ind2=" " tag="040"><subfield code="a">CaONFJC</subfield><subfield code="c">CaONFJC</subfield><subfield code="e">rda</subfield><subfield code="d">AEU</subfield></datafield><datafield ind1=" " ind2="4" tag="050"><subfield code="a">N72.P6</subfield><subfield code="b">J66 2015</subfield></datafield><datafield ind1="0" ind2="4" tag="082"><subfield code="a">701/.0309470905</subfield><subfield code="2">23</subfield></datafield><datafield ind1=" " ind2=" " tag="090"><subfield code="a">Internet Access</subfield><subfield code="b">AEU</subfield></datafield><datafield ind1="1" ind2=" " tag="100"><subfield code="a">Jonson, Lena,</subfield><subfield code="d">1948-</subfield><subfield code="e">author.</subfield></datafield><datafield ind1="1" ind2="0" tag="245"><subfield code="a">Art and Protest in Putin's Russia /</subfield><subfield code="c">Lena Jonson.</subfield></datafield><datafield ind1=" " ind2="1" tag="264"><subfield code="a">Abingdon, Oxon ;</subfield><subfield code="a">New York, NY :</subfield><subfield code="b">Routledge,</subfield><subfield code="c">2015.</subfield></datafield><datafield ind1=" " ind2=" " tag="300"><subfield code="a">1 online resource.</subfield></datafield><datafield ind1=" " ind2=" " tag="336"><subfield code="a">text</subfield><subfield code="b">txt</subfield><subfield code="2">rdacontent</subfield></datafield><datafield ind1=" " ind2=" " tag="337"><subfield code="a">computer</subfield><subfield code="b">c</subfield><subfield code="2">rdamedia</subfield></datafield><datafield ind1=" " ind2=" " tag="338"><subfield code="a">online resource</subfield><subfield code="b">cr</subfield><subfield code="2">rdacarrier</subfield></datafield><datafield ind1="1" ind2=" " tag="490"><subfield code="a">Routledge contemporary Russia and Eastern Europe series ;</subfield><subfield code="v">61</subfield></datafield><datafield ind1=" " ind2=" " tag="504"><subfield code="a">Includes bibliographical references and index.</subfield></datafield><datafield ind1=" " ind2=" " tag="506"><subfield code="a">Access restricted to authorized users and institutions.</subfield></datafield><datafield ind1="0" ind2=" " tag="588"><subfield code="a">Vendor-supplied metadata.</subfield></datafield><datafield ind1=" " ind2=" " tag="596"><subfield code="a">44</subfield></datafield><datafield ind1=" " ind2="0" tag="650"><subfield code="a">Art</subfield><subfield code="x">Political aspects</subfield><subfield code="z">Russia (Federation)</subfield><subfield code="x">History</subfield><subfield code="y">21st century.</subfield></datafield><datafield ind1=" " ind2="0" tag="650"><subfield code="a">Art and society</subfield><subfield code="z">Russia (Federation)</subfield><subfield code="x">History</subfield><subfield code="y">21st century.</subfield></datafield><datafield ind1=" " ind2="0" tag="650"><subfield code="a">Protest movements</subfield><subfield code="z">Russia (Federation)</subfield><subfield code="x">History</subfield><subfield code="y">21st century.</subfield></datafield><datafield ind1=" " ind2="0" tag="830"><subfield code="a">Routledge contemporary Russia and Eastern Europe series ;</subfield><subfield code="v">61.</subfield></datafield><datafield ind1="4" ind2="0" tag="856"><subfield code="3">University of Alberta Access</subfield><subfield code="u">http://search.ebscohost.com/login.aspx?direct=true&amp;scope=site&amp;db=nlebk&amp;db=nlabk&amp;AN=958653</subfield><subfield code="x">Perpetual</subfield><subfield code="z">(3 Concurrent Users)</subfield><subfield code="z">from EBSCO</subfield></datafield><datafield ind1=" " ind2=" " tag="949"><subfield code="w">ORDER</subfield><subfield code="h">UAIN</subfield><subfield code="z">PDACOUTTS</subfield></datafield><datafield ind1=" " ind2=" " tag="919"><subfield code="a">cis31018161</subfield></datafield><datafield ind1=" " ind2=" " tag="926"><subfield code="a">Internet Access</subfield><subfield code="w">LC</subfield><subfield code="c">1</subfield><subfield code="i">6849723-1001</subfield><subfield code="l">INTERNET</subfield><subfield code="m">UAINTERNET</subfield><subfield code="r">Y</subfield><subfield code="s">Y</subfield><subfield code="t">E-RESOURCE</subfield><subfield code="u">3/9/2015</subfield><subfield code="x">E-BOOK</subfield><subfield code="z">EBSCOPDAP</subfield></datafield></record>